<?xml version="1.0" encoding="UTF-8"?><collection xmlns="http://www.loc.gov/MARC21/slim"><record><leader>00674nam--2200193-i-4500</leader><controlfield tag="001">000022352</controlfield><controlfield tag="002">20161230</controlfield><controlfield tag="005">20161230201034</controlfield><controlfield tag="008">060222s1000------------r-----000-0-eng-d</controlfield><datafield ind1=" " ind2=" " tag="040"><subfield code="a">IFIN-HH</subfield></datafield><datafield ind1=" " ind2=" " tag="080"><subfield code="a">539.143</subfield></datafield><datafield ind1="1" ind2=" " tag="100"><subfield code="a">Hyde, Earl K</subfield></datafield><datafield ind1="1" ind2="0" tag="245"><subfield code="a">The nuclear properties of the heavy elements</subfield><subfield code="b">Vol.1: systematics of nuclear structure and radioactivity</subfield><subfield code="c">Earl k. hyde, isadore perlman, g.t. seaborg</subfield></datafield><datafield ind1=" " ind2=" " tag="260"><subfield code="a">Englewood Cliffs, New Jersey</subfield><subfield code="b">Prentice-hall Inc</subfield><subfield code="c">1964</subfield></datafield><datafield ind1=" " ind2=" " tag="300"><subfield code="a">407P. + AUTHOR INDEX + SUBJECT INDEX</subfield></datafield><datafield ind1=" " ind2=" " tag="490"><subfield code="a">Prentice-hall International Series In Chemisry</subfield></datafield><datafield ind1="1" ind2=" " tag="700"><subfield code="a">Seaborg, G.T</subfield></datafield><datafield ind1=" " ind2=" " tag="852"><subfield code="a">20406</subfield><subfield code="c">539.16</subfield></datafield><datafield ind1=" " ind2=" " tag="CAT"><subfield code="a">Sys</subfield><subfield code="c">20120516</subfield><subfield code="h">162733</subfield></datafield></record></collection>